@techreport{AEntropy,
    title = {{A Scalable Architecture for On-Demand Untrusted Delivery of Entropy}},
    url = {http://www.oraclize.it/papers/random_datasource-rev1.pdf},
    institution = {Oraclize}
}

@techreport{Teutsch2017ABlockchains,
    title = {{A scalable verification solution for blockchains}},
    year = {2017},
    author = {Teutsch, Jason and Reitwie{\ss}ner, Christian},
    url = {https://people.cs.uchicago.edu/~teutsch/papers/truebit.pdf}
}

@article{Schwesinger2017AEnvironments,
    title = {{A smart wheelchair ecosystem for autonomous navigation in urban environments}},
    year = {2017},
    journal = {Autonomous Robots},
    author = {Schwesinger, Dylan and Shariati, Armon and Montella, Corey and Spletzer, John},
    number = {3},
    month = {3},
    pages = {519--538},
    volume = {41},
    publisher = {Springer US},
    url = {http://link.springer.com/10.1007/s10514-016-9549-1},
    doi = {10.1007/s10514-016-9549-1},
    issn = {0929-5593}
}

@misc{JONATHANCHEW2016AFortune,
    title = {{A Startup Called Zoox Joins Google and Tesla In the Self-Driving Game | Fortune}},
    year = {2016},
    author = {{JONATHAN CHEW}},
    month = {3},
    url = {http://fortune.com/2016/03/23/zoox-self-driving-permit/}
}

@article{Geurs2004AccessibilityDirections,
    title = {{Accessibility evaluation of land-use and transport strategies: review and research directions}},
    year = {2004},
    journal = {Journal of Transport Geography},
    author = {Geurs, Karst T. and van Wee, Bert},
    number = {2},
    month = {6},
    pages = {127--140},
    volume = {12},
    publisher = {Pergamon},
    url = {https://www.sciencedirect.com/science/article/pii/S0966692303000607},
    doi = {10.1016/J.JTRANGEO.2003.10.005},
    issn = {0966-6923}
}

@techreport{Adler2018ASTRAEA:Oracle,
    title = {{ASTRAEA: A Decentralized Blockchain Oracle}},
    year = {2018},
    author = {Adler, John and Berryhill, Ryan and Veneris, Andreas and Poulos, Zissis and Veira, Neil and Kastania, Anastasia},
    url = {https://arxiv.org/pdf/1808.00528.pdf},
    arxivId = {1808.00528v1}
}

@article{AdlerAstraea:Oracle,
    title = {{Astraea: A decentralized blockchain oracle}},
    journal = {arxiv.org},
    author = {Adler, J and Berryhill, R and Veneris, A and Poulos, Z and {\ldots}, N Veira - arXiv preprint arXiv and 2018, undefined},
    url = {https://arxiv.org/abs/1808.00528}
}

@article{Adler2018Astraea:Oracleb,
    title = {{Astraea: A Decentralized Blockchain Oracle}},
    year = {2018},
    author = {Adler, John and Berryhill, Ryan and Veneris, Andreas and Poulos, Zissis and Veira, Neil and Kastania, Anastasia},
    month = {8},
    url = {http://arxiv.org/abs/1808.00528},
    arxivId = {1808.00528}
}

@techreport{Peterson2018Augur:Platform,
    title = {{Augur: a Decentralized Oracle and Prediction Market Platform}},
    year = {2018},
    author = {Peterson, Jack and Krug, Joseph and Zoltu, Micah and Williams, Austin K and Alexander, Stephanie},
    url = {https://www.wunderground.com/history/airport/KSFO/2018/4/10/}
}

@misc{RachelEngland2017AutonomousAirport,
    title = {{Autonomous wheelchairs arrive at Japanese airport}},
    year = {2017},
    author = {{Rachel England}},
    url = {https://www.engadget.com/2017/08/08/japan-autonomous-wheelchair-accessibility-panasonic-airport/}
}

@techreport{Prowse2017BEYONDTECHNOLOGY,
    title = {{BEYOND BITCOIN: A LITERATURE REVIEW OF BLOCKCHAIN TECHNOLOGY}},
    year = {2017},
    author = {Prowse, Sarah},
    url = {https://local.cis.strath.ac.uk/research/publications/papers/strath_cis_publication_2698.pdf}
}

@article{Monroy2018BitcoinBlockchain,
    title = {{Bitcoin gambling using distributed oracles in the blockchain}},
    year = {2018},
    author = {Monroy, FJA Montoto},
    url = {http://repositorio.uchile.cl/handle/2250/151866}
}

@article{MontotoMonroy2018BitcoinBlockchain,
    title = {{Bitcoin gambling using distributed oracles in the blockchain}},
    year = {2018},
    author = {Montoto Monroy, Francisco Javier Andrés},
    publisher = {Universidad de Chile},
    url = {http://repositorio.uchile.cl/handle/2250/151866},
    keywords = {Apuestas, Bitcoin, Criptocurrencias, Criptomonedas, Tesis}
}

@techreport{Nakamoto2009Bitcoin:System,
    title = {{Bitcoin: A Peer-to-Peer Electronic Cash System}},
    year = {2009},
    author = {Nakamoto, Satoshi},
    url = {https://bitcoin.org/bitcoin.pdf},
    institution = {Bitcoin}
}

@book{Molken2018BlockchainCustomers,
    title = {{Blockchain across Oracle: Understand the details and implications of the Blockchain for Oracle developers and customers}},
    year = {2018},
    author = {M{\"{o}}lken, R van},
    url = {https://books.google.com/books?hl=en&lr=lang_en&id=_uJ0DwAAQBAJ&oi=fnd&pg=PP1&dq=+((%22blockchain%22+OR+%22block+chain%22+OR+%22block-chain%22)++(%22oracles%22+OR+%22oracle%22+OR+%22middle-ware%22+OR+%22middleware%22+OR+%22middle+ware%22+OR+%22datafeed%22+OR+%22data+feed%22+OR+%22data-feed%22))&ots=7WBYgWbUh-&sig=7p6cViYQcxmHBuREZHMoJC4ZXSk}
}

@article{Garay2018BlockchainOracles,
    title = {{Blockchain and Consensus from Proofs of Work without Random Oracles}},
    year = {2018},
    author = {Garay, JA and Kiayias, A and Panagiotakos, G},
    url = {https://eprint.iacr.org/2017/775.pdf}
}

@article{Gatteschi2018BlockchainEnough,
    title = {{Blockchain and Smart Contracts for Insurance: Is the Technology Mature Enough?}},
    year = {2018},
    journal = {Future Internet},
    author = {Gatteschi, Valentina and Lamberti, Fabrizio and Demartini, Claudio and Pranteda, Chiara and Santamar{\'{i}}a, Víctor and Gatteschi, Valentina and Lamberti, Fabrizio and Demartini, Claudio and Pranteda, Chiara and Santamar{\'{i}}a, Víctor},
    number = {2},
    month = {2},
    pages = {20},
    volume = {10},
    publisher = {Multidisciplinary Digital Publishing Institute},
    url = {http://www.mdpi.com/1999-5903/10/2/20},
    doi = {10.3390/fi10020020}
}

@article{ScienceBlockchainFusion,
    title = {{Blockchain Coupled Oracle Fusion}},
    journal = {indianjournalofcomputerscience {\ldots}},
    author = {Science, D Satpathy - Indian Journal of Computer and 2018, undefined},
    url = {http://www.indianjournalofcomputerscience.com/index.php/tcsj/article/view/141447}
}

@techreport{Ellis2017ChainLinkNetwork,
    title = {{ChainLink A Decentralized Oracle Network}},
    year = {2017},
    author = {Ellis, Steve and Juels, Ari and Nazarov, Sergey},
    url = {https://link.smartcontract.com/whitepaper}
}

@inproceedings{Carminati2018ConfidentialBlockchain,
    title = {{Confidential Business Process Execution on Blockchain}},
    year = {2018},
    booktitle = {2018 IEEE International Conference on Web Services (ICWS)},
    author = {Carminati, Barbara and Rondanini, Christian and Ferrari, Elena},
    month = {7},
    pages = {58--65},
    publisher = {IEEE},
    url = {https://ieeexplore.ieee.org/document/8456332/},
    isbn = {978-1-5386-7247-1},
    doi = {10.1109/ICWS.2018.00015}
}

@misc{Buterin2014EthereumOracles,
    title = {{Ethereum and Oracles}},
    year = {2014},
    author = {Buterin, Vitalik},
    url = {https://blog.ethereum.org/2014/07/22/ethereum-and-oracles/}
}

@techreport{GavinWood2014Ethereum:Ledger,
    title = {{Ethereum: A secure decentralised generalised transaction ledger}},
    year = {2014},
    author = {{Gavin Wood}},
    url = {http://gavwood.com/paper.pdf},
    institution = {Ethereum}
}

@techreport{2017GnosisWhitepaper,
    title = {{Gnosis Whitepaper}},
    year = {2017},
    url = {https://gnosis.pm/assets/pdf/gnosis-whitepaper.pdf},
    institution = {Gnosis}
}

@article{Kitchenham2007GuidelinesEngineering,
    title = {{Guidelines for performing Systematic Literature Reviews in Software Engineering}},
    year = {2007},
    author = {Kitchenham, B. and Kitchenham, B. and Charters, S},
    url = {http://citeseerx.ist.psu.edu/viewdoc/summary?doi=10.1.1.117.471}
}

@article{MeyerImpactAccessibilities,
    title = {{Impact of autonomous vehicles on the accessibility in Switzerland ETH Library Autonomous Vehicles: The next Jump in Accessibilities?}},
    author = {Meyer, Jonas ; and Becker, Henrik ; and B{\"{o}}sch, Patrick M ; and Axhausen, Kay W and Meyer, Jonas and Becker, Henrik and B{\"{o}}sch, Patrick},
    url = {http://doi.org/10.1016/j.retrec.2017.03.005},
    doi = {10.1016/j.retrec.2017.03.005}
}

@inproceedings{Grewal2017LIDAR-basedWheelchair,
    title = {{LIDAR-based autonomous wheelchair}},
    year = {2017},
    booktitle = {2017 IEEE Sensors Applications Symposium (SAS)},
    author = {Grewal, Harkishan and Matthews, Aaron and Tea, Richard and George, Kiran},
    pages = {1--6},
    publisher = {IEEE},
    url = {http://ieeexplore.ieee.org/document/7894082/},
    isbn = {978-1-5090-3202-0},
    doi = {10.1109/SAS.2017.7894082}
}

@inproceedings{Eberhardt2018Off-chainingComputations,
    title = {{Off-chaining Models and Approaches to Off-chain Computations}},
    year = {2018},
    booktitle = {Proceedings of the 2nd Workshop on Scalable and Resilient Infrastructures for Distributed Ledgers  - SERIAL'18},
    author = {Eberhardt, Jacob and Heiss, Jonathan},
    pages = {7--12},
    publisher = {ACM Press},
    url = {http://dl.acm.org/citation.cfm?doid=3284764.3284766},
    address = {New York, New York, USA},
    isbn = {9781450361101},
    doi = {10.1145/3284764.3284766},
    keywords = {Bulletproofs, Incentives, TEE, blockchains, off-chain, privacy, sMPC, scalability, zkSNARKs, zkSTARKs}
}

@techreport{Shorish2017OracleProvision,
    title = {{Oracle Trust Design and Blockchain Registry Provision}},
    year = {2017},
    author = {Shorish, Jamsheed},
    url = {https://shorishresearch.com/wp-content/uploads/2017/11/shorish_research_wp_2017b.pdf}
}

@misc{JulesDourlens2017Oracles:Blockchain,
    title = {{Oracles: bringing data to the blockchain}},
    year = {2017},
    author = {{Jules Dourlens}},
    url = {https://ethereumdev.io/oracles-getting-data-inside-blockchain/}
}

@misc{2018OraclizeDocumentation,
    title = {{Oraclize Documentation}},
    year = {2018},
    url = {http://docs.oraclize.it/#background}
}

@misc{Oraclize.it2018OraclizeDocumentation,
    title = {{Oraclize Documentation}},
    year = {2018},
    author = {{Oraclize.it}},
    url = {https://docs.oraclize.it/#security-deep-dive}
}

@article{Gordon2017ProvenanceSensors,
    title = {{Provenance and authentication of oracle sensor data with block chain lightweight wireless network authentication scheme for constrained oracle sensors}},
    year = {2017},
    author = {Gordon, G},
    url = {http://library2.smu.ca/handle/01/27013}
}

@article{Gordon2017ProvenanceSensorsb,
    title = {{Provenance and authentication of oracle sensor data with block chain lightweight wireless network authentication scheme for constrained oracle sensors}},
    year = {2017},
    author = {Gordon, Gilroy},
    publisher = {Halifax, N.S. : Saint Mary's University},
    url = {http://library2.smu.ca/handle/01/27013},
    keywords = {Blockchains (Databases), Computer networks, Internet of things, Security measures, TK5105.8857, Wireless sensor networks}
}

@misc{ScalableYouTube,
    title = {{Scalable Onchain Verification for Authenticated Data Feeds and Offchain Computations - YouTube}},
    url = {https://www.youtube.com/watch?v=7uQdEBVu8Sk}
}

@misc{VitalikButerin2014SchellingCoin:Feed,
    title = {{SchellingCoin: A Minimal-Trust Universal Data Feed}},
    year = {2014},
    author = {{Vitalik Buterin}},
    url = {https://blog.ethereum.org/2014/03/28/schellingcoin-a-minimal-trust-universal-data-feed/}
}

@misc{MeganScudellariSelf-DrivingSpectrum,
    title = {{Self-Driving Wheelchairs Debut in Hospitals and Airports - IEEE Spectrum}},
    booktitle = {2017},
    author = {{Megan Scudellari}},
    url = {https://spectrum.ieee.org/the-human-os/biomedical/devices/selfdriving-wheelchairs-debut-in-hospitals-and-airports}
}

@techreport{StoxMarkets,
    title = {{Stox Platform for Prediction Markets}},
    url = {https://resources.stox.com/stox-whitepaper.pdf}
}

@techreport{Worner2016TheServices,
    title = {{The bitcoin ecosystem: disruption beyond financial services?}},
    year = {2016},
    author = {W{\"{o}}rner, Research and Zurich, Eth and Bomhard, Von},
    url = {https://www.alexandria.unisg.ch/248647/1/2201_ECIS_Bitcoin_Ecosystem_Final.pdf}
}

@techreport{ClaypoolAmitaiBin-Nun2017THEDISABILITIES,
    title = {{THE RUDERMAN WHITE PAPER SELF-DRIVING CARS: THE IMPACT ON PEOPLE WITH DISABILITIES}},
    year = {2017},
    author = {Claypool Amitai Bin-Nun, Henry and Gerlach, Jeffrey},
    url = {http://www.rudermanfoundation.org.}
}

@article{Yi2012TheProblems,
    title = {{The Wisdom of the Crowd in Combinatorial Problems}},
    year = {2012},
    journal = {Cognitive Science},
    author = {Yi, Sheng Kung Michael and Steyvers, Mark and Lee, Michael D. and Dry, Matthew J.},
    number = {3},
    month = {4},
    pages = {452--470},
    volume = {36},
    publisher = {Wiley/Blackwell (10.1111)},
    url = {http://doi.wiley.com/10.1111/j.1551-6709.2011.01223.x},
    doi = {10.1111/j.1551-6709.2011.01223.x},
    issn = {03640213},
    keywords = {Minimum spanning tree problem, Problem solving, Traveling salesman problem, Wisdom of the crowd}
}

@techreport{2014TLSnotary-aSessions,
    title = {{TLSnotary-a mechanism for independently audited https sessions}},
    year = {2014},
    url = {https://tlsnotary.org/TLSNotary.pdf},
    institution = {TLSnotary}
}

@techreport{XuTowardsALS,
    title = {{Towards a Semi-Autonomous Wheelchair for Users with ALS}},
    author = {Xu, Ruofei and Hartshorn, Robin and Huard, Ryan and Irwin, James and Johnson, Kaitlyn and Nelson, Gregory and Campbell, Jon and Arslan Ay, Sakire and Taylor, Matthew E},
    url = {http://cs.mcgill.ca/}
}

@inproceedings{Zhang2016TownCrier,
    title = {{Town Crier}},
    year = {2016},
    booktitle = {Proceedings of the 2016 ACM SIGSAC Conference on Computer and Communications Security - CCS'16},
    author = {Zhang, Fan and Cecchetti, Ethan and Croman, Kyle and Juels, Ari and Shi, Elaine},
    pages = {270--282},
    publisher = {ACM Press},
    url = {http://dl.acm.org/citation.cfm?doid=2976749.2978326},
    address = {New York, New York, USA},
    isbn = {9781450341394},
    doi = {10.1145/2976749.2978326}
}

@techreport{Zhang2016TownContracts,
    title = {{Town Crier: An Authenticated Data Feed for Smart Contracts}},
    year = {2016},
    author = {Zhang, Fan and Cecchetti, Ethan and Croman, Kyle and Juels, Ari and Shi, Elaine},
    url = {https://eprint.iacr.org/2016/168.pdf}
}

@misc{DarrellEtherington2017ToyotasTechCrunch,
    title = {{Toyota’s new Concept-i Ride is your tiny automotive friend about town | TechCrunch}},
    year = {2017},
    author = {{Darrell Etherington}},
    url = {https://techcrunch.com/2017/10/25/toyotas-new-concept-i-ride-is-your-tiny-automotive-friend-about-town/}
}

@article{MDJackson-USPatentApp.15/976TrustedOracle,
    title = {{Trusted agent blockchain oracle}},
    journal = {Google Patents},
    author = {MD Jackson - US Patent App. 15/976, 730 and 2018, undefined},
    url = {https://patents.google.com/patent/US20180331835A1/en}
}

@techreport{Sztorc2015TruthcoinMarketplace,
    title = {{Truthcoin Peer-to-Peer Oracle System and Prediction Marketplace}},
    year = {2015},
    author = {Sztorc, Paul},
    url = {https://github.com/psztorc/Truthcoin}
}

@techreport{Sztorc2015TruthcoinMarketplaceb,
    title = {{Truthcoin Peer-to-Peer Oracle System and Prediction Marketplace}},
    year = {2015},
    author = {Sztorc, Paul},
    url = {https://github.com/psztorc/Truthcoin}
}

@misc{WhatApla,
    title = {{What is a blockchain oracle? – Apla}},
    url = {https://blog.apla.io/what-is-a-blockchain-oracle-2ccca433c026}
}

@misc{What376,
    title = {{What is ICT accessibility? - Mandate 376}},
    url = {http://mandate376.standards.eu/accessible-procurement/what-ict-accessibility}
}

@techreport{2017WorldRevision,
    title = {{World Population Prospects The 2017 Revision}},
    year = {2017},
    url = {https://esa.un.org/unpd/wpp/Publications/Files/WPP2017_KeyFindings.pdf},
    institution = {Department of Economic and Social Affairs, United Nations}
}